@book{www,
  title={Weaving the Web: The original design and ultimate destiny of the World Wide Web by its inventor},
  author={Berners-Lee, Tim},
  year={1999},
  publisher={Harper San Francisco}
}

@article{tss,
  title={UC Non-Interactive, Proactive, Distributed ECDSA with Identifiable Aborts},
  author={Canetti, Ran and Gennaro, Rosario and Goldfeder, Steven and Makriyannis, Nikolaos and Peled, Udi},
  journal = {eprint Archive},
  year={2024}
}

@article{omnichain,
  title={Omnichain Web: The Universal Framework for Streamlined Chain Abstraction and Cross-Layer Interaction},
  author={Gajera, Hardik and Reddy, Akhil and Reddy, Bhagath},
  journal={arXiv preprint arXiv:2411.10132},
  year={2024}
}


@inproceedings{jolt,
  title={Jolt: Snarks for virtual machines via lookups},
  author={Arun, Arasu and Setty, Srinath and Thaler, Justin},
  booktitle={Annual International Conference on the Theory and Applications of Cryptographic Techniques},
  pages={3--33},
  year={2024},
  organization={Springer}
}

@phdthesis{tendermint,
  title={Tendermint: Byzantine fault tolerance in the age of blockchains},
  author={Buchman, Ethan},
  year={2016},
  school={University of Guelph}
}


@inproceedings{crosschain,
  title={Cross-chain technologies: Challenges and opportunties for blockchain interoperability},
  author={Harris, Christopher G},
  booktitle={2023 IEEE International Conference on Omni-layer Intelligent Systems (COINS)},
  pages={1--6},
  year={2023},
  organization={IEEE}
}

@article{mao,
  title={A survey on cross-chain technology: Challenges, development, and prospect},
  author={Mao, Hanyu and Nie, Tiezheng and Sun, Hao and Shen, Derong and Yu, Ge},
  journal={Ieee Access},
  volume={11},
  pages={45527--45546},
  year={2022},
  publisher={IEEE}
}

@inproceedings{2pc,
  title={Non-blocking two phase commit using blockchain},
  author={Ezhilchelvan, Paul and Aldweesh, Amjad and Van Moorsel, Aad},
  booktitle={Proceedings of the 1st Workshop on Cryptocurrencies and Blockchains for Distributed Systems},
  pages={36--41},
  year={2018}
}

@Article{particle,
  title={Navigating the Chain Abstraction Landscape: A Multi-Faceted Analysis},
  author={},
  journal={},
  year={2024},
  note={\url {https://blog.particle.network/chain-abstraction-landscape-report/}}
}

@Article{linera,
  title={Linera: a Blockchain Infrastructure for
Highly Scalable Web3 Applications},
  author={},
  journal={},
  year={2023},
  note={\url {https://tinyurl.com/nh99kjmf}}
}

@article{layerzero,
  title={LayerZero},
  author={Zarick, Ryan and Pellegrino, Bryan and Zhang, Isaac and Kim, Thomas and Banister, Caleb},
  journal={arXiv preprint},
  year={2023},
  note={\url {arXiv:2312.09118}}
}

@article{axelar,
  title={Axelar},
  author={},
  journal={},
  year={},
  note={\url {https://docs.axelar.dev/}}
}

@article{thorchain,
  title={THORchain: A Decentralized Liquidity Network},
  author={},
  journal={},
  year={},
  note={\url {https://tinynote.com/5muu8a6x}}
}

@article{agoric,
  title={Agoric Token and Crypto Economy},
  author={},
  journal={},
  year={2022},
  note={\url {https://tinynote.com/yckc9dph}}
} 

@article{socket,
  title={Socket Protocol: First Chain-Abstraction Protocol},
  author={Labs, Socket},
  journal={},
  year={},
  note={\url {https://media.socket.tech/SocketProtocol_v1.pdf}}
} 


@article{skip,
  title={Skip},
  author={},
  journal={},
  year={},
  note={\url {https://docs.skip.build/connect/introduction}}
} 

@article{arbitrum,
  title={Arbitrum},
  author={},
  journal={},
  year={},
  note={\url {https://docs.arbitrum.io/welcome/arbitrum-gentle-introduction}}
} 

@article{omni,
  title={Omni: Ethereum-Native Interoperability},
  author={Labs, Omni},
  journal={},
  year={2024},
  note={\url {https://docs.omni.network/whitepaper.pdf}}
} 

@article{aggglayer,
  title={Aggregated Blockchains: A New Thesis},
  author={Labs, Polygon},
  journal={},
  year={2024},
  note={\url {https://polygon.technology/blog/aggregated-blockchains-a-new-thesis}}
} 

@article{near,
  title={NEAR},
  author={},
  journal={},
  year={},
  note={\url {https://pages.near.org/papers/the-official-near-white-paper/}}
} 

@article{optimisim,
  title={Optimism's superchain},
  author={},
  journal={},
  year={},
  note={\url {https://tinynote.com/38kbyapk}}
} 

@article{lifi,
  title={With Intents, It's Solvers All The Way Down},
  author={Chand, Arjun},
  journal={},
  year={2024},
  note={\url {https://tinyurl.com/ycyzxv83}}
} 

@article{across,
  title={Across},
  author={},
  journal={},
  year={},
  note={\url {https://docs.across.to/}}
} 

@article{cowswap,
  title={CoW Protocol},
  author={},
  journal={},
  year={},
  note={\url {https://docs.cow.fi/cow-protocol}}
}

@article{erc,
  title={ERC-7683},
  author={},
  journal={},
  year={},
  note={\url {https://www.erc7683.org/}}
}  